
@book{feynman,
	title={The Feynman Lectures on Physics},
	author={Feynman, R.P. and Leighton, R.B. and Sands, M.L.},
	number={Bd. 1},
	isbn={9780201021165},
	lccn={63020717},
	series={The Feynman Lectures on Physics},
	url={https://books.google.de/books?id=UtJEAAAAIAAJ},
	year={1963},
	publisher={Addison-Wesley}
}

@article{cast,
	Author = {Grebner, Christoph and Becker, Johannes and Weber, Daniel and Bellinger, Daniel and Tafipolski, Maxim and Br\"{u}ckner, Charlotte and Engels, Bernd},
	Title = {CAST: A new program package for the accurate characterization of large and flexible molecular systems},
	Journal = {Journal of Computational Chemistry},
	Volume = {35},
	Number = {24},
	Pages = {1801-1807},
	Shorttitle = {CAST: A new program package for the accurate characterization of large and flexible molecular systems},
	ISSN = {1096-987X},
	Keywords = {computer program
	MOPAC
	TeraChem
	global optimization
	conformational analysis
	free energy
	solvation},
	URL = {http://dx.doi.org/10.1002/jcc.23687
	http://onlinelibrary.wiley.com/store/10.1002/jcc.23687/asset/jcc23687.pdf?v=1&t=ia580sry&s=57d1ec844adb96cc1f3233d81c2715793a5fb569},
	EndNoteRefType = {Journal Article},
	Year = {2014} }

@misc{ openmp08,
	author = {{OpenMP Architecture Review Board}},
	title = {{OpenMP} Application Program Interface Version 3.0},
	month = may,
	year = 2008,
	url = {http://www.openmp.org/mp-documents/spec30.pdf}}


@article{oplsaa,
	author = {William L. Jorgensen, David S. Maxwell and Julian Tirado-Rives},
	title = {Development and Testing of the OPLS All-Atom Force Field on Conformational Energetics and Properties of Organic Liquids},
	journal = {Journal of the American Chemical Society},
	volume = {118},
	number = {45},
	pages = {11225-11236},
	year = {1996},
	doi = {10.1021/ja9621760},
	URL = { 
	http://dx.doi.org/10.1021/ja9621760
	},
	eprint = { 
	http://dx.doi.org/10.1021/ja9621760
	}	
}

@article{oplsaa2,
	author = {George A. Kaminski and Richard A. Friesner and Julian Tirado-Rives and William L. Jorgensen},
	title = {Evaluation and Reparametrization of the OPLS-AA Force Field for Proteins via Comparison with Accurate Quantum Chemical Calculations on Peptidesâ€ },
	journal = {The Journal of Physical Chemistry B},
	volume = {105},
	number = {28},
	pages = {6474-6487},
	year = {2001},
	doi = {10.1021/jp003919d},

	URL = { 
	http://dx.doi.org/10.1021/jp003919d
	},
	eprint = { 
	http://dx.doi.org/10.1021/jp003919d
	}	
}

@article{amber,
	author = {Wendy D. Cornell and Piotr Cieplak and Christopher I. Bayly and Ian R. Gould and Kenneth M. Merz and David M. Ferguson and David C. Spellmeyer and Thomas Fox and James W. Caldwell and Peter A. Kollman},
	title = {A Second Generation Force Field for the Simulation of Proteins, Nucleic Acids, and Organic Molecules},
	journal = {Journal of the American Chemical Society},
	volume = {117},
	number = {19},
	pages = {5179-5197},
	year = {1995},
	doi = {10.1021/ja00124a002},
	URL = { 
	http://dx.doi.org/10.1021/ja00124a002
	},
	eprint = { 
	http://dx.doi.org/10.1021/ja00124a002
	}	
}

@article {charmm,
	author = {Vanommeslaeghe, K. and Hatcher, E. and Acharya, C. and Kundu, S. and Zhong, S. and Shim, J. and Darian, E. and Guvench, O. and Lopes, P. and Vorobyov, I. and Mackerell, A. D.},
	title = {CHARMM general force field: A force field for drug-like molecules compatible with the CHARMM all-atom additive biological force fields},
	journal = {Journal of Computational Chemistry},
	volume = {31},
	number = {4},
	publisher = {Wiley Subscription Services, Inc., A Wiley Company},
	issn = {1096-987X},
	url = {http://dx.doi.org/10.1002/jcc.21367},
	doi = {10.1002/jcc.21367},
	pages = {671--690},
	keywords = {empirical force field, drug design, computational chemistry, medicinal chemistry, molecular modeling, molecular dynamics, computer aided drug design},
	year = {2010},
}






@article{amoeba,
	author = {Yue Shi and Zhen Xia and Jiajing Zhang and Robert Best and Chuanjie Wu and Jay W. Ponder and Pengyu Ren},
	title = {Polarizable Atomic Multipole-Based AMOEBA Force Field for Proteins},
	journal = {Journal of Chemical Theory and Computation},
	volume = {9},
	number = {9},
	pages = {4046-4063},
	year = {2013},
	doi = {10.1021/ct4003702},
	note ={PMID: 24163642},	
	URL = { 
	http://dx.doi.org/10.1021/ct4003702
	},
	eprint = { 
	http://dx.doi.org/10.1021/ct4003702
	}	
}

@article{mopac_parallel,
	author = {Julio Daniel Carvalho Maia and Gabriel Aires Urquiza Carvalho and Carlos Peixoto Mangueira, Jr. and Sidney Ramos Santana and Lucidio Anjos Formiga Cabral and Gerd B. Rocha},
	title = {GPU Linear Algebra Libraries and GPGPU Programming for Accelerating MOPAC Semiempirical Quantum Chemistry Calculations},
	journal = {Journal of Chemical Theory and Computation},
	volume = {8},
	number = {9},
	pages = {3072-3081},
	year = {2012},
	doi = {10.1021/ct3004645},
	note ={PMID: 26605718},
	URL = { 
	http://dx.doi.org/10.1021/ct3004645
	},
	eprint = { 
	http://dx.doi.org/10.1021/ct3004645
	}	
}

@article{mopac,
	year={2013},
	issn={1610-2940},
	journal={Journal of Molecular Modeling},
	volume={19},
	number={1},
	doi={10.1007/s00894-012-1667-x},
	title={Optimization of parameters for semiempirical methods VI: more modifications to the NDDO approximations and re-optimization of parameters},
	url={http://dx.doi.org/10.1007/s00894-012-1667-x},
	publisher={Springer-Verlag},
	keywords={NDDO; Parameterization; PM6; Intermolecular interactions; PM7; Reaction barrier heights; Crystals; Solids; Transition metals; Semiempirical methods},
	author={Stewart, JamesJ.P.},
	pages={1-32},
	language={English}
}

@article{terachem,
	author = {Ivan S. Ufimtsev and Todd J. Martinez},
	title = {Quantum Chemistry on Graphical Processing Units. 3. Analytical Energy Gradients, Geometry Optimization, and First Principles Molecular Dynamics},
	journal = {Journal of Chemical Theory and Computation},
	volume = {5},
	number = {10},
	pages = {2619-2628},
	year = {2009},
	doi = {10.1021/ct9003004},
	note ={PMID: 26631777},
	URL = { 
	http://dx.doi.org/10.1021/ct9003004
	},
	eprint = { 
	http://dx.doi.org/10.1021/ct9003004
	}
}

@article{spme,
	author = "Essmann, Ulrich and Perera, Lalith and Berkowitz, Max L. and Darden, Tom and Lee, Hsing and Pedersen, Lee G.",
	title = "A smooth particle mesh Ewald method",
	journal = "The Journal of Chemical Physics",
	year = "1995",
	volume = "103",
	number = "19", 
	pages = "8577-8593",
	url = "http://scitation.aip.org/content/aip/journal/jcp/103/19/10.1063/1.470117",
	doi = "http://dx.doi.org/10.1063/1.470117" 
}

@techreport{mpi,
	author = {Forum, Message P},
	title = {MPI: A Message-Passing Interface Standard},
	year = {1994},
	source = {http://www.ncstrl.org:8900/ncstrl/servlet/search?formname=detail\&id=oai%3Ancstrlh%3Autk_cs%3Ancstrl.utk_cs%2F%2FUT-CS-94-230},
	publisher = {University of Tennessee},
	address = {Knoxville, TN, USA},
} 

@article {tabusearch,
	author = {Grebner, Christoph and Becker, Johannes and Stepanenko, Svetlana and Engels, Bernd},
	title = {Efficiency of tabu-search-based conformational search algorithms},
	journal = {Journal of Computational Chemistry},
	volume = {32},
	number = {10},
	publisher = {Wiley Subscription Services, Inc., A Wiley Company},
	issn = {1096-987X},
	url = {http://dx.doi.org/10.1002/jcc.21807},
	doi = {10.1002/jcc.21807},
	pages = {2245--2253},
	keywords = {conformational search, global optimization, Tabu search, basin hopping, simulated annealing, Monte Carlo with minimization},
	year = {2011},
}

@article{mc_original,
	Author = {Metropolis, Nicholas and Ulam, S.},
	Title = {The Monte Carlo Method},
	Journal = {Journal of the American Statistical Association},
	Publisher = {Taylor & Francis},
	Volume = {44},
	Number = {247},
	Pages = {335-341},
	Month = {1949/09/01},
	Shorttitle = {The Monte Carlo Method},
	ISSN = {0162-1459},
	Abstract = {Abstract We shall present here the motivation and a general description of a method dealing with a class of problems in mathematical physics. The method is, essentially, a statistical approach to the study of differential equations, or more generally, of integro-differential equations that occur in various branches of the natural sciences.
	We shall present here the motivation and a general description of a method dealing with a class of problems in mathematical physics. The method is, essentially, a statistical approach to the study of differential equations, or more generally, of integro-differential equations that occur in various branches of the natural sciences.},
	URL = {http://amstat.tandfonline.com/doi/abs/10.1080/01621459.1949.10483310},
	EndNoteRefType = {Journal Article},
	Year = {1949} }














